%% This BibTeX bibliography file was created using BibDesk.
%% http://bibdesk.sourceforge.net/


%% Saved with string encoding Unicode (UTF-8) 

@webpage{Fraunhofer-Heinrich-Hertz-Institute:2014dz,
	Author = {{Fraunhofer Heinrich-Hertz-Institute}},
	Lastchecked = {13th May 2014},
	Month = {May},
	Note = {Accessed 13-May-2014},
	Title = {{JSVM Reference Software}},
	Url = {http://www.hhi.fraunhofer.de/de/kompetenzfelder/image-processing/research-groups/image-video-coding/svc-extension-of-h264avc/jsvm-reference-software.html},
	Year = {2014}}

@webpage{Bellard:2014zt,
	Author = {Bellard, F. and Niedermayer, M. },
	Lastchecked = {13th May 2014},
	Month = {May},
	Note = {Accessed 13-May-2014},
	Title = {{FFMpeg}},
	Url = {http://ffmpeg.org/documentation.html},
	Urldate = {13th May 2014},
	Year = {2014}}

@inproceedings{Huang:2011sp,
	Author = {Zixia Huang and Chao Mei and Li Li and Woo, T.},
	Booktitle = {INFOCOM, 2011 Proceedings IEEE},
	Doi = {10.1109/INFCOM.2011.5935009},
	Issn = {0743-166X},
	Month = {April},
	Pages = {201-205},
	Title = {CloudStream: Delivering high-quality streaming videos through a cloud-based SVC proxy},
	Year = {2011}
 }

@inproceedings{McDonagh:2011dp,
	Author = {McDonagh, P. and Vallati, C. and Pande, A. and Mohapatra, P. and Perry, P. and Mingozzi, E.},
	Booktitle = {Wireless Personal Multimedia Communications (WPMC), 2011 14th International Symposium on},
	Issn = {1347-6890},
	Month = {Oct},
	Pages = {1-5},
	Title = {Investigation of scalable video delivery using H.264 SVC on an LTE network},
	Year = {2011}
 }

@article{Wang:2013rz,
	Author = {Xiaofei Wang and Kwon, T.T. and Yanghee Choi and Haiyang Wang and Jiangchuan Liu},
	Doi = {10.1109/MWC.2013.6549285},
	Issn = {1536-1284},
	Journal = {Wireless Communications, IEEE},
	Month = {June},
	Number = {3},
	Pages = {72-79},
	Title = {Cloud-assisted adaptive video streaming and social-aware video prefetching for mobile users},
	Volume = {20},
	Year = {2013}
 }

@article{Wang:2013ty,
	Author = {Xiaofei Wang and Min Chen and Kwon, T.T. and Yang, L.T. and Leung, V.C.M.},
	Doi = {10.1109/TMM.2013.2239630},
	Issn = {1520-9210},
	Journal = {Multimedia, IEEE Transactions on},
	Month = {June},
	Number = {4},
	Pages = {811-820},
	Title = {AMES-Cloud: A Framework of Adaptive Mobile Video Streaming and Efficient Social Video Sharing in the Clouds},
	Volume = {15},
	Year = {2013}
 }

@techreport{ISO:BMFF,
	Author = {{ISO/IEC}},
	Institution = {International Organization for Standardization/International Electrotechnical Commission},
	Month = {July},
	Number = {{ISO/IEC 14496-12:2012}},
	Title = {{Information Technology - Coding of audio-visual objects - Part 12: ISO base media file format}},
	Type = {International Standard},
	Year = {2012}
 }

@techreport{RFC-VP8,
	Author = {J. Bankoski and J. Salonen and P. Wilins and Y. Xu},
	Howpublished = {RFC 6386},
	Institution = {IETF},
	Month = {November},
	Number = {6386},
	Organization = {Internet Engineering Task Force},
	Publisher = {IETF},
	Series = {Request for Comments},
	Title = {{VP8 Data Format and Decoding Guide}},
	Type = {RFC},
	Url = {http://tools.ietf.org/html/rfc6386},
	Year = {2011}
 }

@techreport{ITU-T:H-264,
	Author = {{ITU-T}},
	Institution = {International Telecommunication Union - Telecommunication Standardization Sector},
	Month = {Mar.},
	Number = {H.264 (03/2010)},
	Title = {{Advanced video coding for generic audiovisual services}},
	Type = {Recommendation},
	Year = {2010}
 }

@techreport{ISO:H-264,
	Author = {{ISO/IEC}},
	Institution = {International Organization for Standardization/International Electrotechnical Commission},
	Month = {Oct.},
	Number = {{ISO/IEC 14496-10:2012}},
	Title = {{Information technology -- Coding of audio-visual objects -- Part 10: Advanced Video Coding}},
	Type = {International Standard},
	Year = {2012}
 }

@techreport{rfc2326,
	Author = {H. Schulzrinne and A. Rao and R. Lanphier},
	Institution = {Internet Engineering Task Force},
	Month = {Apr.},
	Number = {2326},
	Title = {{Real Time Streaming Protocol (RTSP)}},
	Type = {RFC},
	Url = {http://www.rfc-editor.org/rfc/rfc2326.txt},
	Year = {1998}
 }

@techreport{ISO/IEC:2012fk,
	Author = {{ISO/IEC}},
	Institution = {International Organization for Standardization/International Electrotechnical Commission},
	Month = {Apr.},
	Number = {{ISO/IEC FCD 23009-1:2012}},
	Title = {{Information technology -- Dynamic adaptive streaming over HTTP (DASH) -- Part 1: Media presentation description and segment formats}},
	Type = {International Standard},
	Year = {2012}
 }

@techreport{R.-Pantos:2013ys,
	Author = {{R. Pantos, Ed. and W. May}},
	Howpublished = {Informational},
	Institution = {Internet Engineering Task Force},
	Month = {October},
	Organization = {Internet Engineering Task Force},
	Publisher = {IETF},
	Series = {Informational},
	Title = {{HTTP Live Streaming draft-pantos-http-live-streaming-11}},
	Type = {Draft},
	Url = {http://tools.ietf.org/html/draft-pantos-http-live-streaming-11},
	Year = {2013}
}

@webpage{Business-Insider:2013kx,
	Author = {{Business Insider}},
	Month = {April},
	Url = {http://www.businessinsider.com/how-the-ipad-totally-changed-the-world-in-just-three-years-2013-4},
	Year = {2013}
}

@webpage{CNN:uq,
	Author = {{CNN}},
	Month = {Decemeber},
	Title = {{How the iPad changed 2010}},
	Url = {{http://edition.cnn.com/2010/TECH/social.media/12/16/cashmore.ipad/index.html?iref=allsearch}},
	Year = {2010}
 }

@webpage{CNN:fk,
	Author = {CNN},
	Month = {June},
	Title = {{5 ways the iPhone changed our lives}},
	Url = {{http://edition.cnn.com/2012/06/28/tech/mobile/iphone-5-years-anniversary}},
	Year = {2012}
 }

@inproceedings{Segall:2008fk,
	Author = {Segall, A. and Jie Zhao},
	Booktitle = {Image Processing, 2008. ICIP 2008. 15th IEEE International Conference on},
	Doi = {10.1109/ICIP.2008.4712370},
	Issn = {1522-4880},
	Pages = {2776-2779},
	Title = {Bit stream rewriting for SVC-to-AVC conversion},
	Year = {2008}
 }

@manual{Fraunhofer-Heinrich-Hertz-Institute:2011kx,
	Month = {June},
	Organization = {{Fraunhofer Heinrich-Hertz-Institute}},
	Title = {{JSVM Software Manual}},
	Version = {9.19.14},
	Year = {2011}
 }

@manual{Apple-Developer-Center:2013uq,
	Address = {1 Infinite Loop, Cupertino, CA 95014, 408-996-1010 U.S.},
	Author = {{Apple Developer Center}},
	Month = {May},
	Organization = {Apple Inc.},
	Title = {{iOS Human Interface Guidelines}},
	Url = {http://developer.apple.com/library/ios/documentation/UserExperience/Conceptual/MobileHIG/MobileHIG.pdf},
	Year = {2013}
 }

@misc{Fraunhofer-Heinrich-Hertz-Institute:2013fk,
	Author = {{Fraunhofer Heinrich-Hertz-Institute}},
	Title = {{SVC: Scalable Extension of H.264/AVC}},
	Url = {http://www.hhi.fraunhofer.de/de/kompetenzfelder/image-processing/research-groups/image-video-coding/scalable-video-coding/svc-scalable-extension-of-h264avc.html},
	Year = {2013}
}
 
@url{Wikipedia:2013nx,
	Author = {{Wikipedia}},
	Title = {{Android (operating system)}},
	Url = {https://en.wikipedia.org/wiki/Android_(operating_system)},
	Year = {2013}
}

@url{Wikipedia:2013dq,
	Author = {Wikipedia},
	Title = {{iOS}},
	Url = {http://en.wikipedia.org/wiki/IOS},
	Year = {2013}
 }

@url{HLS:2013bh,
	Author = {{Apple Developer Resources}},
	Title = {{HTTP Live Streaming}},
	Url = {https://developer.apple.com/streaming/},
	Year = {2013}
 }

@url{AppleIOS:2013qf,
	Address = {1 Infinite Loop, Cupertino, CA 95014, 408-996-1010 U.S.},
	Author = {{Apple Developer Center}},
	Title = {{iOS}},
	Url = {https://developer.apple.com/technologies/ios/},
	Year = {2013}
 }

@article{Liu:2008ve,
	Author = {Jiangchuan Liu and Rao, S.G. and Bo Li and Hui Zhang},
	Doi = {10.1109/JPROC.2007.909921},
	Issn = {0018-9219},
	Journal = {Proceedings of the IEEE},
	Number = {1},
	Pages = {11-24},
	Title = {{Opportunities and Challenges of Peer-to-Peer Internet Video Broadcast}},
	Volume = {96},
	Year = {2008}
 }

@inproceedings{Jiang:2008ly,
	Author = {Hai Jiang and Jun Li and Zhongcheng Li and Xiangyu Bai},
	Booktitle = {Future Generation Communication and Networking, 2008. FGCN '08. Second International Conference on},
	Doi = {10.1109/FGCN.2008.63},
	Pages = {188-193},
	Title = {{Performance Evaluation of Content Distribution in Hybrid CDN-P2P Network}},
	Volume = {1},
	Year = {2008}
 }

@webpage{Hendryx:2011zr,
	Author = {Hendryx, A.},
	Month = {October},
	Url = {http://www.zdnet.com/cloudy-concepts-iaas-paas-saas-maas-caas-and-xaas-4010024679/},
	Year = {2011}
 }

@article{Voas:2009ys,
	Author = {Voas, Jeffrey and Zhang, Jia},
	Doi = {10.1109/MITP.2009.23},
	Issn = {1520-9202},
	Journal = {IT Professional},
	Number = {2},
	Pages = {15-17},
	Title = {Cloud Computing: New Wine or Just a New Bottle?},
	Volume = {11},
	Year = {2009}
 }

@misc{Mell:2011vn,
	Author = {Mell, P. and Grance, T.},
	Howpublished = {Special Publication 800-145},
	Institution = {National Institute of Standards and Technology},
	Month = {September},
	Title = {{The NIST Definition of Cloud Computing}},
	Year = {2011}
 }

@inproceedings{Motta:2012kx,
	Author = {Motta, G. and Sfondrini, N. and Sacco, D.},
	Booktitle = {Service Sciences (IJCSS), 2012 International Joint Conference on},
	Doi = {10.1109/IJCSS.2012.37},
	Pages = {23-27},
	Title = {{Cloud Computing: An Architectural and Technological Overview}},
	Year = {2012}
 }

@inproceedings{Aberer:fk,
	Author = {Aberer, K. and Hauswirth, M},
	Organization = {Swiss Federal Institute of Technology (EPFL), Switzerland},
	Title = {{An Overview on Peer-to-Peer Information Systems}}
 }

@manual{Apple:2011fk,
	Address = {1 Infinite Loop, Cupertino, CA 95014, 408-996-1010 U.S.},
	Author = {Apple},
	Organization = {Apple Inc.},
	Title = {{HTTP Live Streaming Overview}},
	Url = {https://developer.apple.com/library/ios/documentation/networkinginternet/conceptual/streamingmediaguide/StreamingMediaGuide.pdf},
	Year = {2011}
 }

@inproceedings{Feller:2011ys,
	Author = {Feller, C. and Wuenschmann, J. and Roll, T. and Rothermel, A.},
	Booktitle = {Consumer Electronics - Berlin (ICCE-Berlin), 2011 IEEE International Conference on},
	Doi = {10.1109/ICCE-Berlin.2011.6031852},
	Pages = {57-61},
	Title = {{The VP8 video codec - overview and comparison to H.264/AVC}},
	Year = {2011}
 }

@inproceedings{Seeling:2010vn,
	Acmid = {1878031},
	Address = {New York, NY, USA},
	Author = {Seeling, Patrick and Fitzek, Frank H. P. and Ertli, Gerg\"{o} and Pulipaka, Akshay and Reisslein, Martin},
	Booktitle = {Proceedings of the 3rd workshop on Mobile video delivery},
	Doi = {10.1145/1878022.1878031},
	Isbn = {978-1-4503-0165-7},
	Location = {Firenze, Italy},
	Numpages = {6},
	Pages = {33--38},
	Publisher = {ACM},
	Series = {MoViD '10},
	Title = {{Video network traffic and quality comparison of VP8 and H.264 SVC}},
	Url = {http://doi.acm.org/10.1145/1878022.1878031},
	Year = {2010}
 }

@inproceedings{Bansal:2012kx,
	Author = {Bansal, P.K. and Bansal, V. and Shukla, M.N. and Motra, A.S.},
	Booktitle = {Software, Telecommunications and Computer Networks (SoftCOM), 2012 20th International Conference on},
	Pages = {1-6},
	Title = {{VP8 Encoder - Cost effective Implementation}},
	Year = {2012}
 }

@inproceedings{Sharrab:2012uq,
	Author = {Sharrab, Y.O. and Sarhan, N.J.},
	Booktitle = {Multimedia (ISM), 2012 IEEE International Symposium on},
	Doi = {10.1109/ISM.2012.33},
	Pages = {133-140},
	Title = {{Detailed Comparative Analysis of VP8 and H.264}},
	Year = {2012}
 }

@techreport{:2007fk,
	Author = {{Cisco Systems}},
	Institution = {Cisco Systems},
	Month = {August},
	Title = {{IP Multicast Technical Overview}},
	Type = {Whitepaper},
	Url = {http://www.cisco.com/en/US/prod/collateral/iosswrel/ps6537/ps6552/prod_white_paper0900aecd804d5fe6.pdf},
	Year = {2007}
 }

@techreport{:2006uq,
	Author = {{ITU-T}},
	Institution = {Internation Telecomunication Union - Telecomunication Standardization Sector},
	Month = {May},
	Number = {H.222.0 (05/2006)},
	Title = {{Information technology -- Generic Coding of moving pictures and associated audio information: Systems}},
	Type = {Recommendation},
	Year = {2006}
 }

@misc{MacAulay:2005fk,
	Author = {MacAulay, A. Felts, B and Fisher, Y.},
	Howpublished = {WHITEPAPER},
	Month = {October},
	Title = {{IP Streaming of MPEG-4 Native RTP vs MPEG-2 Transport Stream}},
	Url = {http://www.envivio.com/files/white-papers/RTPvsTS-v4.pdf},
	Year = {2005}
 }

@manual{Apple:2012uq,
	Address = {1 Infinite Loop, Cupertino, CA 95014, 408-996-1010 U.S.},
	Author = {Apple},
	Month = {September},
	Organization = {Apple Inc.},
	Title = {{iOS Technology Review}},
	Url = {http://developer.apple.com/library/ios/documentation/Miscellaneous/Conceptual/iPhoneOSTechOverview/iPhoneOSTechOverview.pdf},
	Year = {2012}
 }

@inproceedings{Chiang:2011fk,
	Author = {Yi-Hsuan Chiang and Polly Huang and Chen, H.H.},
	Booktitle = {Embedded Systems for Real-Time Multimedia (ESTIMedia), 2011 9th IEEE Symposium on},
	Doi = {10.1109/ESTIMedia.2011.6088528},
	Pages = {76-82},
	Title = {{SVC or MDC? That's the question}},
	Year = {2011}
 }

@article{Ramzan:2011lr,
	Author = {Ramzan, N. and Quacchio, E. and Zgaljic, T. and Asioli, S. and Celetto, L. and Izquierdo, E. and Rovati, F.},
	Doi = {10.1109/MCOM.2011.5723810},
	Issn = {0163-6804},
	Journal = {Communications Magazine, IEEE},
	Number = {3},
	Pages = {128-135},
	Title = {{Peer-to-peer streaming of scalable video in future Internet applications}},
	Volume = {49},
	Year = {2011}
 }

@techreport{ISO/IEC:2004fk,
	Author = {{ISO/IEC}},
	Edition = {Third},
	Institution = {International Organization for Standardization/International Electrotechnical Commission},
	Month = {June},
	Number = {{ISO/IEC 14496-2:2004}},
	Organization = {ISO/IEC},
	Title = {{Information technology -- Coding of audio-visual objects -- Part 2: Visual}},
	Type = {International Standard},
	Year = {2004}
 }

@booklet{Schulzrinne:2003fj,
	Author = {Schulzrinne, H. Casner, S. and Frederick, R. and Jacobson, V.},
	Howpublished = {RFC 3550 (Standard)},
	Month = {July},
	Organization = {Internet Engineering Task Force},
	Title = {{RTP: A Transport Protocol for Real-Time Applications}},
	Year = {2003}
 }

@techreport{ISO/IEC:2003fj,
	Author = {{ISO/IEC}},
	Institution = {International Organization for Standardization/International Electrotechnical Commission},
	Month = {November},
	Number = {{ISO/IEC 14496-14:2003}},
	Title = {{Information Technology -- Coding of audio-visual objects -- Part 14: MP4 file format}},
	Type = {International Standard},
	Year = {2003}
 }

@electronic{A.:qy,
	Author = {Zambelli Alex},
	Title = {{ISS Smooth Streaming Technical Overview}},
	Url = {http://download.microsoft.com/download/4/2/4/4247C3AA-7105-4764-A8F9-321CB6C765EB/IIS_Smooth_Streaming_Technical_Overview.pdf}
 }

@electronic{AdobeHDS:ys,
	Title = {{Adobe HTTP Dynamic Streaming}},
	Url = {http://www.adobe.com/products/hds-dynamic-streaming.html}
 }

@electronic{Adobe:kx,
	Author = {Adobe},
	Title = {{HTTP Dynamic Streaming on the Adobe Flash Platform}},
	Url = {https://bugbase.adobe.com/index.cfm?event=file.view&id=2943064&seqNum=6&name=httpdynamicstreaming_wp_ue.pdf}
 }

@mastersthesis{Moscoso:2011fk,
	Author = {Moscoso, P.},
	Month = {May},
	School = {Instituto Superior T{\'e}cnico},
	Title = {{Interactive Internet TV Architecture Based on Scalable Video Coding}},
	Year = {2011}
 }

@article{Schwarz:2007lr,
	Author = {Schwarz, H. and Marpe, D. and Wiegand, T.},
	Doi = {10.1109/TCSVT.2007.905532},
	Issn = {1051-8215},
	Journal = {Circuits and Systems for Video Technology, IEEE Transactions on},
	Number = {9},
	Pages = {1103-1120},
	Title = {{Overview of the Scalable Video Coding Extension of the H.264/AVC Standard}},
	Volume = {17},
	Year = {2007}
 }

@inproceedings{Tappayuthpijarn:2011uq,
	Author = {Tappayuthpijarn, K. and Stockhammer, T. and Steinbach, E.},
	Booktitle = {Image Processing (ICIP), 2011 18th IEEE International Conference on},
	Doi = {10.1109/ICIP.2011.6116069},
	Issn = {1522-4880},
	Pages = {2193-2196},
	Title = {{HTTP-based scalable video streaming over mobile networks}},
	Year = {Sep 2011}
 }

@inproceedings{Davies:2008mz,
	Author = {Davies, S.E. and Gardner, S.},
	Booktitle = {Consumer Communications and Networking Conference, 2008. CCNC 2008. 5th IEEE},
	Doi = {10.1109/ccnc08.2007.105},
	Month = {jan.},
	Pages = {442 -446},
	Title = {{Empirical Experiences in Mobile-to-Mobile Video Streaming}},
	Year = {2008}
 }

@inproceedings{Wichtlhuber:2012fr,
	Author = {Wichtlhuber, M. and Ruckert, J. and Stingl, D. and Schulz, M. and Hausheer, D.},
	Booktitle = {Peer-to-Peer Computing (P2P), 2012 IEEE 12th International Conference on},
	Doi = {10.1109/P2P.2012.6335812},
	Month = {sept.},
	Pages = {63 -64},
	Title = {{Energy-efficient mobile P2P video streaming}},
	Year = {2012}
 }

@inproceedings{Lee:2011rt,
	Author = {Seung-Ik Lee and Dongman Lee and Shin-gak Kang},
	Booktitle = {Computer Sciences and Convergence Information Technology (ICCIT), 2011 6th International Conference on},
	Month = {29 2011-dec. 1},
	Pages = {36 -41},
	Title = {{Challenges to P2P live video streaming over mobile heterogeneous networks}},
	Year = {2011}
 }

@inproceedings{Beraldi:2010yq,
	Author = {Beraldi, R. and Galiffa, M. and Alnuweiri, H.},
	Booktitle = {Distributed Computing Systems Workshops (ICDCSW), 2010 IEEE 30th International Conference on},
	Doi = {10.1109/ICDCSW.2010.78},
	Issn = {1545-0678},
	Month = {june},
	Pages = {221 -226},
	Title = {{W-Coolstreaming a Protocol for Collaborative Data Streaming for Wireless Networks}},
	Year = {2010}
 }

@inproceedings{Okamoto:2011fj,
	Author = {Okamoto, Y. and Tanigawa, Y. and Tode, H.},
	Booktitle = {Consumer Communications and Networking Conference (CCNC), 2011 IEEE},
	Doi = {10.1109/CCNC.2011.5766631},
	Month = {jan.},
	Pages = {870 -874},
	Title = {{High-quality P2P video streaming system considering the cooperation of constitution information and delivery status}},
	Year = {2011}
 }

@inproceedings{Zhang:2005qy,
	Author = {Xinyan Zhang and Jiangchuan Liu and Bo Li and Yum, Y.-S.P.},
	Booktitle = {INFOCOM 2005. 24th Annual Joint Conference of the IEEE Computer and Communications Societies. Proceedings IEEE},
	Doi = {10.1109/INFCOM.2005.1498486},
	Issn = {0743-166X},
	Month = {march},
	Pages = {2102 - 2111 vol. 3},
	Title = {{CoolStreaming/DONet: a data-driven overlay network for peer-to-peer live media streaming}},
	Volume = {3},
	Year = {2005}
 }

@inproceedings{Stiemerling:2010lr,
	Author = {Stiemerling, M. and Kiesel, S.},
	Booktitle = {Computer Communications and Networks (ICCCN), 2010 Proceedings of 19th International Conference on},
	Doi = {10.1109/ICCCN.2010.5560112},
	Issn = {1095-2055},
	Month = {aug.},
	Pages = {1 -7},
	Title = {{Cooperative P2P Video Streaming for Mobile Peers}},
	Year = {2010}
 }

@inproceedings{Agarwal:2007ly,
	Author = {Agarwal, S.},
	Booktitle = {IP Multimedia Subsystem Architecture and Applications, 2007 International Conference on},
	Doi = {10.1109/IMSAA.2007.4559096},
	Month = {dec.},
	Pages = {1 -5},
	Title = {{A case study of large scale P2P video multicast}},
	Year = {2007}
 }

@inproceedings{Montazeri:2011mz,
	Author = {Montazeri, A. and Akbari, B.},
	Booktitle = {Information Networking (ICOIN), 2011 International Conference on},
	Doi = {10.1109/ICOIN.2011.5723143},
	Issn = {1976-7684},
	Month = {jan.},
	Pages = {108 -113},
	Title = {{Mesh based P2P video streaming with a distributed incentive mechanism}},
	Year = {2011}
 }

@inproceedings{Nguyen:2009yq,
	Author = {Kien Nguyen and Thinh Nguyen and Kovchegov, Y.},
	Booktitle = {Computer Communications and Networks, 2009. ICCCN 2009. Proceedings of 18th Internatonal Conference on},
	Doi = {10.1109/ICCCN.2009.5235364},
	Issn = {1095-2055},
	Month = {aug.},
	Pages = {1 -7},
	Title = {{A P2P Video Delivery Network (P2P-VDN)}},
	Year = {2009}
 }

@inproceedings{Seyyedi:2011qy,
	Author = {Seyyedi, S.M.Y. and Akbari, B.},
	Booktitle = {Computer Networks and Distributed Systems (CNDS), 2011 International Symposium on},
	Doi = {10.1109/CNDS.2011.5764567},
	Month = {feb.},
	Pages = {175 -180},
	Title = {{Hybrid CDN-P2P architectures for live video streaming: Comparative study of connected and unconnected meshes}},
	Year = {2011}
 }