@incollection{Bengio+chapter2007,
author = {Bengio, Yoshua and LeCun, Yann},
booktitle = {Large Scale Kernel Machines},
publisher = {MIT Press},
title = {Scaling Learning Algorithms Towards {AI}},
year = {2007}
}

@article{Hinton06,
author = {Hinton, Geoffrey E. and Osindero, Simon and Teh, Yee Whye},
journal = {Neural Computation},
pages = {1527--1554},
title = {A Fast Learning Algorithm for Deep Belief Nets},
volume = {18},
year = {2006}
}

@book{goodfellow2016deep,
title={Deep learning},
author={Goodfellow, Ian and Bengio, Yoshua and Courville, Aaron and Bengio, Yoshua},
volume={1},
year={2016},
publisher={MIT Press}
}












@article{mvu,
  title={Unsupervised learning of image manifolds by semidefinite programming},
  author={Weinberger, Kilian Q and Saul, Lawrence K},
  journal={International journal of computer vision},
  volume={70},
  pages={77--90},
  year={2006},
  publisher={Springer}
}

@article{sdp-solve,
  title={Implementation of a primal--dual method for SDP on a shared memory parallel architecture},
  author={Borchers, Brian and Young, Joseph G},
  journal={Computational Optimization and Applications},
  volume={37},
  pages={355--369},
  year={2007},
  publisher={Springer}
}

@article{dr-review,
  title={Dimensionality reduction: A comparative review},
  author={Van Der Maaten, Laurens and Postma, Eric O and Van Den Herik, H Jaap and others},
  journal={Journal of machine learning research},
  volume={10},
  number={66-71},
  pages={13},
  year={2009}
}

@article{eng,
  title={Nonlinear dimensionality reduction for data with disconnected neighborhood graph},
  author={Fan, Jicong and Chow, Tommy WS and Zhao, Mingbo and Ho, John KL},
  journal={Neural Processing Letters},
  volume={47},
  number={2},
  pages={697--716},
  year={2018},
  publisher={Springer}
}


@InProceedings{landmark-mvu,
  title = 	 {Nonlinear Dimensionality Reduction by Semidefinite Programming and Kernel Matrix Factorization},
  author =       {Weinberger, Kilian and Packer, Benjamin and Saul, Lawrence},
  booktitle = 	 {Proceedings of the Tenth International Workshop on Artificial Intelligence and Statistics},
  pages = 	 {381--388},
  year = 	 {2005},
  editor = 	 {Cowell, Robert G. and Ghahramani, Zoubin},
  volume = 	 {R5},
  series = 	 {Proceedings of Machine Learning Research},
  month = 	 {06--08 Jan},
  publisher =    {PMLR},
  pdf = 	 {http://proceedings.mlr.press/r5/weinberger05a/weinberger05a.pdf},
  url = 	 {https://proceedings.mlr.press/r5/weinberger05a.html},
  note =         {Reissued by PMLR on 30 March 2021.}
}

@article{dr-bid,
  title={Dimensionality reduction methods for brain imaging data analysis},
  author={Tang, Yunbo and Chen, Dan and Li, Xiaoli},
  journal={ACM Computing Surveys (CSUR)},
  volume={54},
  number={4},
  pages={1--36},
  year={2021},
  publisher={ACM New York, NY, USA}
}

@inproceedings{large-scale-manifold-learning,
  title={Large-scale manifold learning},
  author={Talwalkar, Ameet and Kumar, Sanjiv and Rowley, Henry},
  booktitle={2008 IEEE Conference on Computer Vision and Pattern Recognition},
  pages={1--8},
  year={2008},
  organization={IEEE}
}

@inproceedings{mvu-intro,
  title={An introduction to nonlinear dimensionality reduction by maximum variance unfolding},
  author={Weinberger, Kilian Q and Saul, Lawrence K},
  booktitle={AAAI},
  volume={6},
  pages={1683--1686},
  year={2006}
}

@article{mcu-bimodal,
  title={Maximum covariance unfolding: Manifold learning for bimodal data},
  author={Mahadevan, Vijay and Wong, Chi and Pereira, Jose and Liu, Tom and Vasconcelos, Nuno and Saul, Lawrence},
  journal={Advances in Neural Information Processing Systems},
  volume={24},
  year={2011}
}

@article{mcu-regression,
  title={Maximum Covariance Unfolding Regression: A Novel Covariate-based Manifold Learning Approach for Point Cloud Data},
  author={Wang, Qian and Paynabar, Kamran},
  journal={arXiv preprint arXiv:2303.17852},
  year={2023}
}

@article{smvu-process,
  title={Developments of two supervised maximum variance unfolding algorithms for process classification},
  author={Wei, Chihang and Chen, Junghui and Song, Zhihuan},
  journal={Chemometrics and Intelligent Laboratory Systems},
  volume={159},
  pages={31--44},
  year={2016},
  publisher={Elsevier}
}

@article{smvu,
  title={Supervised maximum variance unfolding},
  author={Yang, Deliang and Qi, Hou-Duo},
  journal={Machine Learning},
  volume={113},
  number={9},
  pages={6197--6226},
  year={2024},
  publisher={Springer}
}

@inproceedings{colored-mvu,
 author = {Song, Le and Gretton, Arthur and Borgwardt, Karsten and Smola, Alex},
 booktitle = {Advances in Neural Information Processing Systems},
 editor = {J. Platt and D. Koller and Y. Singer and S. Roweis},
 pages = {},
 publisher = {Curran Associates, Inc.},
 title = {Colored Maximum Variance Unfolding},
 url = {https://proceedings.neurips.cc/paper_files/paper/2007/file/55a7cf9c71f1c9c495413f934dd1a158-Paper.pdf},
 volume = {20},
 year = {2007}
}

@article{nldr-sentiment-analysis,
  title={Sentiment visualization and classification via semi-supervised nonlinear dimensionality reduction},
  author={Kim, Kyoungok and Lee, Jaewook},
  journal={Pattern Recognition},
  volume={47},
  number={2},
  pages={758--768},
  year={2014},
  publisher={Elsevier}
}

@inproceedings{mvu-localization-network,
  title={Distributed solution for a maximum variance unfolding problem with sensor and robotic network applications},
  author={Simonetto, Andrea and Keviczky, Tam{\'a}s and Dimarogonas, Dimos V},
  booktitle={2012 50th Annual Allerton Conference on Communication, Control, and Computing (Allerton)},
  pages={63--70},
  year={2012},
  organization={IEEE}
}

@article{mvu-process-monitoring,
  title={Nonlinear process monitoring and fault isolation using extended maximum variance unfolding},
  author={Liu, Yuan-Jui and Chen, Tao and Yao, Yuan},
  journal={Journal of process control},
  volume={24},
  number={6},
  pages={880--891},
  year={2014},
  publisher={Elsevier}
}

@article{manifold-hypothesis,
  title={Testing the manifold hypothesis},
  author={Fefferman, Charles and Mitter, Sanjoy and Narayanan, Hariharan},
  journal={Journal of the American Mathematical Society},
  volume={29},
  number={4},
  pages={983--1049},
  year={2016}
}

@article{manifold-learning-whathowwhy,
  title={Manifold learning: What, how, and why},
  author={Meil{\u{a}}, Marina and Zhang, Hanyu},
  journal={Annual Review of Statistics and Its Application},
  volume={11},
  number={1},
  pages={393--417},
  year={2024},
  publisher={Annual Reviews}
}

@article{pca,
  title={LIII. On lines and planes of closest fit to systems of points in space},
  author={Pearson, Karl},
  journal={The London, Edinburgh, and Dublin philosophical magazine and journal of science},
  volume={2},
  number={11},
  pages={559--572},
  year={1901},
  publisher={Taylor \& Francis}
}

@article{nldr-chemotaxis,
  title={Parsimonious representation of nonlinear dynamical systems through manifold learning: A chemotaxis case study},
  author={Dsilva, Carmeline J and Talmon, Ronen and Coifman, Ronald R and Kevrekidis, Ioannis G},
  journal={Applied and Computational Harmonic Analysis},
  volume={44},
  number={3},
  pages={759--773},
  year={2018},
  publisher={Elsevier}
}

@article{molecular-kinetics,
  title={Investigating molecular kinetics by variationally optimized diffusion maps},
  author={Boninsegna, Lorenzo and Gobbo, Gianpaolo and No{\'e}, Frank and Clementi, Cecilia},
  journal={Journal of chemical theory and computation},
  volume={11},
  number={12},
  pages={5947--5960},
  year={2015},
  publisher={ACS Publications}
}

@article{remote-sensing,
  title={A study on dimensionality reduction and parameters for hyperspectral imagery based on manifold learning},
  author={Song, Wenhui and Zhang, Xin and Yang, Guozhu and Chen, Yijin and Wang, Lianchao and Xu, Hanghang},
  journal={Sensors},
  volume={24},
  number={7},
  pages={2089},
  year={2024},
  publisher={MDPI}
}

@article{facial-recognition,
  title={Integration of manifold learning and density estimation for fine-tuned face recognition},
  author={Ge, Huilin and Zhu, Zhiyu and Ouyang, Jiali and Ashraf, Muhammad Awais and Qiu, Zhiwen and Ibrahim, Umar Muhammad},
  journal={Symmetry},
  volume={16},
  number={6},
  pages={765},
  year={2024},
  publisher={MDPI}
}

@article{ss-isomap,
  title={Semi-supervised discriminant Isomap with application to visualization, image retrieval and classification},
  author={Huang, Rui and Zhang, Guopeng and Chen, Junli},
  journal={International Journal of Machine Learning and Cybernetics},
  volume={10},
  number={6},
  pages={1269--1278},
  year={2019},
  publisher={Springer}
}

@inproceedings{atlas,
  title={Semi-supervised learning using an unsupervised atlas},
  author={Pitelis, Nikolaos and Russell, Chris and Agapito, Lourdes},
  booktitle={Joint European Conference on Machine Learning and Knowledge Discovery in Databases},
  pages={565--580},
  year={2014},
  organization={Springer}
}

@article{ghojogh-1,
  title={Unified framework for spectral dimensionality reduction, maximum variance unfolding, and kernel learning by semidefinite programming: Tutorial and survey},
  author={Ghojogh, Benyamin and Ghodsi, Ali and Karray, Fakhri and Crowley, Mark},
  journal={arXiv preprint arXiv:2106.15379},
  year={2021}
}

@incollection{ghojogh-2,
  title={Unified Spectral Framework and Maximum Variance Unfolding},
  author={Ghojogh, Benyamin and Crowley, Mark and Karray, Fakhri and Ghodsi, Ali},
  booktitle={Elements of Dimensionality Reduction and Manifold Learning},
  pages={285--312},
  year={2023},
  publisher={Springer}
}

@article{mvu-fastest-mixing-mp,
  title={The fastest mixing Markov process on a graph and a connection to a maximum variance unfolding problem},
  author={Sun, Jun and Boyd, Stephen and Xiao, Lin and Diaconis, Persi},
  journal={SIAM review},
  volume={48},
  number={4},
  pages={681--699},
  year={2006},
  publisher={SIAM}
}

@article{isomap,
  title={A global geometric framework for nonlinear dimensionality reduction},
  author={Tenenbaum, Joshua B and Silva, Vin de and Langford, John C},
  journal={science},
  volume={290},
  number={5500},
  pages={2319--2323},
  year={2000},
  publisher={American Association for the Advancement of Science}
}

@article{kpca,
  title={Nonlinear component analysis as a kernel eigenvalue problem},
  author={Sch{\"o}lkopf, Bernhard and Smola, Alexander and M{\"u}ller, Klaus-Robert},
  journal={Neural computation},
  volume={10},
  number={5},
  pages={1299--1319},
  year={1998},
  publisher={MIT Press}
}

@article{le,
  title={Laplacian eigenmaps for dimensionality reduction and data representation},
  author={Belkin, Mikhail and Niyogi, Partha},
  journal={Neural computation},
  volume={15},
  number={6},
  pages={1373--1396},
  year={2003},
  publisher={MIT Press}
}

@article{lle,
  title={Nonlinear dimensionality reduction by locally linear embedding},
  author={Roweis, Sam T and Saul, Lawrence K},
  journal={science},
  volume={290},
  number={5500},
  pages={2323--2326},
  year={2000},
  publisher={American Association for the Advancement of Science}
}

@article{hlle,
  title={Hessian eigenmaps: Locally linear embedding techniques for high-dimensional data},
  author={Donoho, David L and Grimes, Carrie},
  journal={Proceedings of the National Academy of Sciences},
  volume={100},
  number={10},
  pages={5591--5596},
  year={2003},
  publisher={The National Academy of Sciences}
}

@article{ltsa,
  title={Principal manifolds and nonlinear dimensionality reduction via tangent space alignment},
  author={Zhang, Zhenyue and Zha, Hongyuan},
  journal={SIAM journal on scientific computing},
  volume={26},
  number={1},
  pages={313--338},
  year={2004},
  publisher={SIAM}
}

@article{1-nn,
  title={Dimensionality reduction of clustered data sets},
  author={Sanguinetti, Guido},
  journal={IEEE Transactions on pattern analysis and machine intelligence},
  volume={30},
  number={3},
  pages={535--540},
  year={2008},
  publisher={IEEE}
}

@inproceedings{t&c,
  title={Visualizing gene interaction graphs with local multidimensional scaling},
  author={Jarkko Venna and Samuel Kaski},
  booktitle={The European Symposium on Artificial Neural Networks},
  year={2006},
  url={https://api.semanticscholar.org/CorpusID:12239921}
}

@article{mds,
  title={Multidimensional scaling: I. Theory and method},
  author={Torgerson, Warren S},
  journal={Psychometrika},
  volume={17},
  number={4},
  pages={401--419},
  year={1952},
  publisher={Springer-Verlag}
}

@article{sne,
  title={Stochastic neighbor embedding},
  author={Hinton, Geoffrey E and Roweis, Sam},
  journal={Advances in neural information processing systems},
  volume={15},
  year={2002}
}

@article{tsne,
  title={Visualizing data using t-SNE},
  author={Maaten, Laurens van der and Hinton, Geoffrey},
  journal={Journal of machine learning research},
  volume={9},
  number={Nov},
  pages={2579--2605},
  year={2008}
}

@misc{dijkstra,
  title={A note on two problems in connexion with graphs},
  author={Dijkstra, Edsger W},
  booktitle={Edsger Wybe Dijkstra: his life, work, and legacy},
  pages={287--290},
  year={2022}
}

@article{floyd-warshall,
  title={Algorithm 97: shortest path},
  author={Floyd, Robert W},
  journal={Communications of the ACM},
  volume={5},
  number={6},
  pages={345--345},
  year={1962},
  publisher={ACM New York, NY, USA}
}

@inproceedings{nystrom,
  title={Fastmap, metricmap, and landmark mds are all nystr{\"o}m algorithms},
  author={Platt, John},
  booktitle={International Workshop on Artificial Intelligence and Statistics},
  pages={261--268},
  year={2005},
  organization={PMLR}
}