@misc{python,
    note = {\href{https://www.python.org/downloads/release/python-3125/}{Python}, a general-purpose programming language},
    author = {Guido van Rossum}
}

@article{numpy,
 title         = {Array programming with {NumPy}},
 author        = {Charles R. Harris and K. Jarrod Millman and St{\'{e}}fan J.
                 van der Walt and Ralf Gommers and Pauli Virtanen and David
                 Cournapeau and Eric Wieser and Julian Taylor and Sebastian
                 Berg and Nathaniel J. Smith and Robert Kern and Matti Picus
                 and Stephan Hoyer and Marten H. van Kerkwijk and Matthew
                 Brett and Allan Haldane and Jaime Fern{\'{a}}ndez del
                 R{\'{i}}o and Mark Wiebe and Pearu Peterson and Pierre
                 G{\'{e}}rard-Marchant and Kevin Sheppard and Tyler Reddy and
                 Warren Weckesser and Hameer Abbasi and Christoph Gohlke and
                 Travis E. Oliphant},
 year          = {2020},
 month         = sep,
 journal       = {Nature},
 volume        = {585},
 number        = {7825},
 pages         = {357--362},
 doi           = {10.1038/s41586-020-2649-2},
 publisher     = {Springer Science and Business Media {LLC}},
 url           = {https://doi.org/10.1038/s41586-020-2649-2}
}

@article{scipy,
  author  = {Virtanen, Pauli and Gommers, Ralf and Oliphant, Travis E. and
            Haberland, Matt and Reddy, Tyler and Cournapeau, David and
            Burovski, Evgeni and Peterson, Pearu and Weckesser, Warren and
            Bright, Jonathan and {van der Walt}, St{\'e}fan J. and
            Brett, Matthew and Wilson, Joshua and Millman, K. Jarrod and
            Mayorov, Nikolay and Nelson, Andrew R. J. and Jones, Eric and
            Kern, Robert and Larson, Eric and Carey, C J and
            Polat, {\.I}lhan and Feng, Yu and Moore, Eric W. and
            {VanderPlas}, Jake and Laxalde, Denis and Perktold, Josef and
            Cimrman, Robert and Henriksen, Ian and Quintero, E. A. and
            Harris, Charles R. and Archibald, Anne M. and
            Ribeiro, Ant{\^o}nio H. and Pedregosa, Fabian and
            {van Mulbregt}, Paul and {SciPy 1.0 Contributors}},
  title   = {{{SciPy} 1.0: Fundamental Algorithms for Scientific
            Computing in Python}},
  journal = {Nature Methods},
  year    = {2020},
  volume  = {17},
  pages   = {261--272},
  adsurl  = {https://rdcu.be/b08Wh},
  doi     = {10.1038/s41592-019-0686-2},
}

@article{cvxpy,
  author  = {Steven Diamond and Stephen Boyd},
  title   = {{CVXPY}: {A} {P}ython-embedded modeling language for convex optimization},
  journal = {Journal of Machine Learning Research},
  year    = {2016},
  volume  = {17},
  number  = {83},
  pages   = {1--5},
}

@article{cvxpy-upgrade,
  author  = {Agrawal, Akshay and Verschueren, Robin and Diamond, Steven and Boyd, Stephen},
  title   = {A rewriting system for convex optimization problems},
  journal = {Journal of Control and Decision},
  year    = {2018},
  volume  = {5},
  number  = {1},
  pages   = {42--60},
}

@article{scikit-learn,
  title={Scikit-learn: Machine Learning in {P}ython},
  author={Pedregosa, F. and Varoquaux, G. and Gramfort, A. and Michel, V.
          and Thirion, B. and Grisel, O. and Blondel, M. and Prettenhofer, P.
          and Weiss, R. and Dubourg, V. and Vanderplas, J. and Passos, A. and
          Cournapeau, D. and Brucher, M. and Perrot, M. and Duchesnay, E.},
  journal={Journal of Machine Learning Research},
  volume={12},
  pages={2825--2830},
  year={2011}
}


@article{matlab.python,
	  title={Calling MATLAB from Python},
  author={The MathWorks, Inc.},
  note={\url{https://www.mathworks.com/help/matlab/matlab-engine-for-python.html}},
  year={2024}
} 


@book{nonlinear,
  title={Nonlinear dimensionality reduction},
  author={Lee, John A and Verleysen, Michel},
  year={2007},
  publisher={Springer Science \& Business Media}
}

@article{adaptive,
  title={Adaptive sparse graph learning based dimensionality reduction for classification},
  author={Chen, Puhua and Jiao, Licheng and Liu, Fang and Zhao, Zhiqiang and Zhao, Jiaqi},
  journal={Applied Soft Computing},
  volume={82},
  pages={105459},
  year={2019},
  publisher={Elsevier}
}




@book{convex-optimisation,
  title={Convex optimization},
  author={Boyd, Stephen and Vandenberghe, Lieven},
  year={2004},
  publisher={Cambridge university press}
}

@article{pca,
  title={Principal component analysis},
  author={Wold, Svante and Esbensen, Kim and Geladi, Paul},
  journal={Chemometrics and intelligent laboratory systems},
  volume={2},
  number={1-3},
  pages={37--52},
  year={1987},
  publisher={Elsevier}
}

@article{mds,
  title={Multidimensional scaling: I. Theory and method},
  author={Torgerson, Warren S},
  journal={Psychometrika},
  volume={17},
  number={4},
  pages={401--419},
  year={1952},
  publisher={Springer}
}

@article{mds-nonmetric,
  title={Multidimensional scaling by optimizing goodness of fit to a nonmetric hypothesis},
  author={Kruskal, Joseph B},
  journal={Psychometrika},
  volume={29},
  number={1},
  pages={1--27},
  year={1964},
  publisher={Springer}
}

@article{isomap,
  title={A global geometric framework for nonlinear dimensionality reduction},
  author={Tenenbaum, Joshua B and Silva, Vin de and Langford, John C},
  journal={science},
  volume={290},
  number={5500},
  pages={2319--2323},
  year={2000},
  publisher={American Association for the Advancement of Science}
}


@article{lle,
  title={Nonlinear dimensionality reduction by locally linear embedding},
  author={Roweis, Sam T and Saul, Lawrence K},
  journal={science},
  volume={290},
  number={5500},
  pages={2323--2326},
  year={2000},
  publisher={American Association for the Advancement of Science}
}


@article{le,
  title={Laplacian eigenmaps for dimensionality reduction and data representation},
  author={Belkin, Mikhail and Niyogi, Partha},
  journal={Neural computation},
  volume={15},
  number={6},
  pages={1373--1396},
  year={2003},
  publisher={MIT Press}
}

@article{hlle,
  title={Hessian eigenmaps: Locally linear embedding techniques for high-dimensional data},
  author={Donoho, David L and Grimes, Carrie},
  journal={Proceedings of the National Academy of Sciences},
  volume={100},
  number={10},
  pages={5591--5596},
  year={2003},
  publisher={National Acad Sciences}
}

@article{ltsa,
  title={Principal manifolds and nonlinear dimensionality reduction via tangent space alignment},
  author={Zhang, Zhenyue and Zha, Hongyuan},
  journal={SIAM journal on scientific computing},
  volume={26},
  number={1},
  pages={313--338},
  year={2004},
  publisher={SIAM}
}

@article{sne,
  title={Stochastic neighbor embedding},
  author={Hinton, Geoffrey E and Roweis, Sam},
  journal={Advances in neural information processing systems},
  volume={15},
  year={2002}
}

@article{t-sne,
  title={Visualizing data using t-SNE.},
  author={Van der Maaten, Laurens and Hinton, Geoffrey},
  journal={Journal of machine learning research},
  volume={9},
  number={11},
  year={2008}
}

@article{kpca,
  title={Nonlinear component analysis as a kernel eigenvalue problem},
  author={Sch{\"o}lkopf, Bernhard and Smola, Alexander and M{\"u}ller, Klaus-Robert},
  journal={Neural computation},
  volume={10},
  number={5},
  pages={1299--1319},
  year={1998},
  publisher={MIT Press}
}


@article{mvu,
  title={Unsupervised learning of image manifolds by semidefinite programming},
  author={Weinberger, Kilian Q and Saul, Lawrence K},
  journal={International journal of computer vision},
  volume={70},
  pages={77--90},
  year={2006},
  publisher={Springer}
}

@article{cube,
  title={Implementation of a primal--dual method for SDP on a shared memory parallel architecture},
  author={Borchers, Brian and Young, Joseph G},
  journal={Computational Optimization and Applications},
  volume={37},
  pages={355--369},
  year={2007},
  publisher={Springer}
}

@article{eng,
  title={Nonlinear dimensionality reduction for data with disconnected neighborhood graph},
  author={Fan, Jicong and Chow, Tommy WS and Zhao, Mingbo and Ho, John KL},
  journal={Neural Processing Letters},
  volume={47},
  pages={697--716},
  year={2018},
  publisher={Springer}
}

@inproceedings{landmark-mvu,
  title={Nonlinear dimensionality reduction by semidefinite programming and kernel matrix factorization},
  author={Weinberger, Kilian and Packer, Benjamin and Saul, Lawrence},
  booktitle={International Workshop on Artificial Intelligence and Statistics},
  pages={381--388},
  year={2005},
  organization={PMLR}
}
@article{colored-mvu,
  title={Colored maximum variance unfolding},
  author={Song, Le and Gretton, Arthur and Borgwardt, Karsten and Smola, Alex},
  journal={Advances in neural information processing systems},
  volume={20},
  year={2007}
}



@article{landmark-isomap,
  title={Global versus local methods in nonlinear dimensionality reduction},
  author={Silva, Vin and Tenenbaum, Joshua},
  journal={Advances in neural information processing systems},
  volume={15},
  year={2002}
}

@article{landmark-lle,
  title={Locally linear embedding and its variants: Tutorial and survey},
  author={Ghojogh, Benyamin and Ghodsi, Ali and Karray, Fakhri and Crowley, Mark},
  journal={arXiv preprint arXiv:2011.10925},
  year={2020}
}

@article{comparison,
  title={Dimensionality reduction: A comparative review},
  author={Van Der Maaten, Laurens and Postma, Eric O and Van Den Herik, H Jaap and others},
  journal={Journal of machine learning research},
  volume={10},
  number={66-71},
  pages={13},
  year={2009}
}

@article{modern,
  title={Unified framework for spectral dimensionality reduction, maximum variance unfolding, and kernel learning by semidefinite programming: Tutorial and survey},
  author={Ghojogh, Benyamin and Ghodsi, Ali and Karray, Fakhri and Crowley, Mark},
  journal={arXiv preprint arXiv:2106.15379},
  year={2021}
}

@inproceedings{resemblance,
  title={A duality view of spectral methods for dimensionality reduction},
  author={Xiao, Lin and Sun, Jun and Boyd, Stephen},
  booktitle={Proceedings of the 23rd international conference on Machine learning},
  pages={1041--1048},
  year={2006}
}


@article{distance-based-formulations,
author = {Mehrbani, Eysan and Kahaei, Mohammad Hossein},
title = {Low-rank isomap algorithm},
journal = {IET Signal Processing},
volume = {16},
number = {5},
pages = {528-545},
keywords = {eigenvalues and eigenfunctions, graph theory, image classification, image representation, iterative methods, minimisation, optimisation},
doi = {https://doi.org/10.1049/sil2.12124},
url = {https://ietresearch.onlinelibrary.wiley.com/doi/abs/10.1049/sil2.12124},
eprint = {https://ietresearch.onlinelibrary.wiley.com/doi/pdf/10.1049/sil2.12124},
abstract = {Abstract Isomap is a well-known nonlinear dimensionality reduction method that highly suffers from computational complexity. Its computational complexity mainly arises from two stages; a) embedding a full graph on the data in the ambient space, and b) a complete eigenvalue decomposition. Although the reduction of the computational complexity of the graphing stage has been investigated by graph processing methods, the eigenvalue decomposition stage remains a bottleneck in the problem. In this paper, we propose the Low-Rank Isomap (LRI) algorithm by introducing a projection operator on the embedded graph from the ambient space to a low-rank latent space to facilitate applying the partial eigenvalue decomposition. This approach leads to reducing the complexity of Isomap to a linear order while preserving the structural information during the dimensionality reduction process as long as the number of observations remains extensively larger than the dimensionality of the ambient space. The superiority of the LRI algorithm compared to some state-of-art algorithms is experimentally verified on facial image clustering in terms of speed and accuracy.},
year = {2022}
}


@article{1-nn,
  title={Dimensionality reduction of clustered data sets},
  author={Sanguinetti, Guido},
  journal={IEEE Transactions on pattern analysis and machine intelligence},
  volume={30},
  number={3},
  pages={535--540},
  year={2008},
  publisher={IEEE}
}

@article{t&c,
  title={Local multidimensional scaling},
  author={Venna, Jarkko and Kaski, Samuel},
  journal={Neural Networks},
  volume={19},
  number={6-7},
  pages={889--899},
  year={2006},
  publisher={Elsevier}
}

@article{out-of-sample-1,
  title={Out-of-sample extrapolation of learned manifolds},
  author={Chin, Tat-Jun and Suter, David},
  journal={IEEE Transactions on Pattern Analysis and Machine Intelligence},
  volume={30},
  number={9},
  pages={1547--1556},
  year={2008},
  publisher={IEEE}
}

@article{out-of-sample-2,
  title={Parametric nonlinear dimensionality reduction using kernel t-SNE},
  author={Gisbrecht, Andrej and Schulz, Alexander and Hammer, Barbara},
  journal={Neurocomputing},
  volume={147},
  pages={71--82},
  year={2015},
  publisher={Elsevier}
}

@article{out-of-sample-3,
  title={A general framework for dimensionality-reducing data visualization mapping},
  author={Bunte, Kerstin and Biehl, Michael and Hammer, Barbara},
  journal={Neural Computation},
  volume={24},
  number={3},
  pages={771--804},
  year={2012},
  publisher={MIT Press}
}

@inproceedings{landmark-general,
  title={Locally linear landmarks for large-scale manifold learning},
  author={Vladymyrov, Max and Carreira-Perpin{\'a}n, Miguel {\'A}},
  booktitle={Machine Learning and Knowledge Discovery in Databases: European Conference, ECML PKDD 2013, Prague, Czech Republic, September 23-27, 2013, Proceedings, Part III 13},
  pages={256--271},
  year={2013},
  organization={Springer}
}

@article{autoencoder,
  title={Reducing the dimensionality of data with neural networks},
  author={Hinton, Geoffrey E and Salakhutdinov, Ruslan R},
  journal={science},
  volume={313},
  number={5786},
  pages={504--507},
  year={2006},
  publisher={American Association for the Advancement of Science}
}
@book{autoencoder-book,
  title={Parallel distributed processing, volume 1: Explorations in the microstructure of cognition: Foundations},
  author={Rumelhart, David E and McClelland, James L and PDP Research Group and others},
  year={1986},
  publisher={The MIT press}
}


@article{nystrom,
  title={Using the Nystr{\"o}m method to speed up kernel machines},
  author={Williams, Christopher and Seeger, Matthias},
  journal={Advances in neural information processing systems},
  volume={13},
  year={2000}
}

@article{mle,
  title={Maximum likelihood estimation of intrinsic dimension},
  author={Levina, Elizaveta and Bickel, Peter J},
  journal={Advances in neural information processing systems},
  volume={17},
  year={2004}
}
